@InProceedings{edos2006ase,
  author	= "Fabio Mancinelli and Jaap Boender and Roberto {Di Cosmo}
		  and J\'er\^ome Vouillon and Berke Durak and Xavier Leroy
		  and Ralf Treinen",
  title		= "Managing the Complexity of Large Free and Open Source
		  Package-Based Software Distributions",
  pages		= "199--208",
  booktitle	= "21st IEEE/ACM International Conference on Automated
                   Software Engeineering (ASE)",
  address       = "Tokyo, Japan",
  year		= 2006,
  publisher	= "IEEE",
}

@inproceedings{mpm-cbse11,
  author    = {Pietro Abate and Roberto Di Cosmo and Ralf Treinen and
               Stefano Zacchiroli},
  title     = {{MPM}: a modular package manager},
  pages     = {179--188},
  ee        = {http://doi.acm.org/10.1145/2000229.2000255},
  crossref  = {cbse11},
  note      = "[\ahref{http://www.mancoosi.org/papers/cbse11.pdf}{PDF}]"
}

@proceedings{cbse11,
  editor    = {Ivica Crnkovic and Judith A. Stafford and
               Antonia Bertolino and Kendra M. L. Cooper},
  booktitle = {Proceedings of the 14th International ACM Sigsoft Symposium
               on Component Based Software Engineering (CBSE 2011)},
  address   = {Boulder, CO, USA},
  month     = jun,
  year      = {2011},
  publisher = {ACM},
  isbn      = {978-1-4503-0723-9}
}

@inproceedings{edos-debconf08,
 author = "Ralf Treinen and Stefano Zacchiroli",
 title =  "Solving package dependencies: from {EDOS} to {Mancoosi}",
 booktitle = "Proceedings of {DebConf8}: 9th annual conference of the
              {D}ebian project developers",
 month = aug,
 year = 2008,
 address =  "Mar del Plata, Argentina",
 note = "[\ahref{http://upsilon.cc/\home{zack}/research/publications/debconf8-mancoosi.pdf}{PDF}]"
}

@Misc{ubuntu:multiarch,
  author = "Steve Langasek",
  title = "Multiarch Spec",
  year = 2011,
  moth = dec,
  note = "Available at \ahrefurl{https://wiki.ubuntu.com/MultiarchSpec}"
}

