@inproceedings{edos2006ase,
  author	= "Fabio Mancinelli and Jaap Boender and Roberto {Di Cosmo}
		  and Jerome Vouillon and Berke Durak and Xavier Leroy
		  and Ralf Treinen",
  title		= "Managing the Complexity of Large Free and Open Source
		  Package-Based Software Distributions",
  pages		= "199--208",
  booktitle	= "21st IEEE/ACM International Conference on Automated
                   Software Engeineering (ASE)",
  address       = "Tokyo, Japan",
  year		= 2006,
  publisher	= "IEEE",
}

@inproceedings{cbse11,
  author    = {Pietro Abate and Roberto Di Cosmo and Ralf Treinen and
               Stefano Zacchiroli},
  title     = {{MPM}: a modular package manager},
  pages     = {179--188},
  pdf       = "http://www.mancoosi.org/papers/cbse11.pdf",
  editor    = {Ivica Crnkovic and Judith A. Stafford and
               Antonia Bertolino and Kendra M. L. Cooper},
  booktitle = {Proceedings of the 14th International ACM Sigsoft Symposium
               on Component Based Software Engineering (CBSE 2011)},
  address   = {Boulder, CO, USA},
  year      = {2011},
  publisher = {ACM},
  isbn      = {978-1-4503-0723-9}
}
