
@misc{XII:ObjectiveCaml,
  title   = {{The Objective Caml language}},
  note    = {\url{http://caml.inria.fr/}}
}


@misc{XII:Jdsl,
  title   = {{The Data Structures Library in Java}},
  note    = {\url{http://www.cs.brown.edu/cgc/jdsl/}}
}


@misc{XII:Mlrisc,
  title   = {{The MLRISC System}},
  note    = {\url{http://cs1.cs.nyu.edu/leunga/www/MLRISC/Doc/html/INTRO.html}}
}

@misc{XII:Baire,
 title = {{Baire}},
 note = {\url{http://www.edite-de-paris.com.fr/~fpons/Caml/Baire/}}
}

@misc{XII:Fgl,
  title = {{FGL - A Functional Graph Library}},
  note = {\url{http://web.engr.oregonstate.edu/~erwig/fgl/}}
}

@misc{XII:Gtl,
  title = {{The Graph Template Library}},
  note = {\url{http://infosun.fmi.uni-passau.de/GTL/}}
}

@misc{XII:Bgl,
  title = {{BGL - The Boost Graph Library}},
  note = {\url{http://www.boost.org/libs/graph/doc/}}
}

@article{XII:Leda,
 author = {Kurt Mehlhorn and Stefan Näher},
 title = {LEDA: a platform for combinatorial and geometric computing},
 journal = {Commun. ACM},
 volume = {38},
 number = {1},
 year = {1995},
 issn = {0001-0782},
 pages = {96--102},
 publisher = {ACM Press},
 }

@article{XII:Erwig,
  author = "Martin Erwig",
  title = "Inductive Graphs and Functional Graph Algorithms",
  year = "2001",
  journal = "{Journal of Functional Programming}",
  volume = 11,
  number = 5,
  pages = "467--492",
}



@ARTICLE{XII:leroy00,
  AUTHOR = {Xavier Leroy},
  TITLE = {A modular module system},
  JOURNAL = {Journal of Functional Programming},
  VOLUME = 10,
  NUMBER = 3,
  YEAR = 2000,
  PAGES = {269--303},
  URL = {http://pauillac.inria.fr/~xleroy/publi/modular-modules-jfp.ps.gz}
}


@PhdThesis{XII:Goldberg,
  author =       {Andrew V. Goldberg},
  title = {Efficient graph algorithms for sequential and parallel computers},
  school =       {MIT, Cambridge, Massachusetts},
  year =         1987,
  month =        {January},
}

@Article{XII:FF,
  author =       {L. R. Jr. Ford and D. R. Fulkerson},
  title =        {Maximal Flow Through a Network},
  journal =      {Canadian Journal of Mathematics},
  year =         1956,
  pages =        {99-404},
}

@BOOK{XII:okasaki98,
  AUTHOR = {Chris Okasaki},
  TITLE = {{Purely Functional Data Structures}},
  PUBLISHER = {Cambridge University Press},
  YEAR = 1998
}

@Book{XII:coplien92,
  author =	 {James O. Coplien},
  title = 	 {{Advanced C++ Programming Styles and Idioms}},
  publisher = 	 {Addison-Wesley},
  year = 	 1992
}

@TechReport{XII:filliatre06,
  author = 	 {Jean-Christophe Filli\^atre},
  title = 	 {{Backtracking Iterators}},
  institution =  {LRI, Universit\'e Paris-Sud},
  year = 	 2006,
  type =	 {{Research Report}},
  number =	 1428,
  month =	 {January},
  note =	 {\url{http://www.lri.fr/~filliatr/ftp/publis/enum-rr.ps.gz}}
}

@InProceedings{XII:ramsey05,
  author = 	 {Norman Ramsey},
  title = 	 {{ML Module Mania: A Type-Safe Separately Compiled, Extensible Interpreter}},
  booktitle =	 {{ACM SIGPLAN Workshop on ML}},
  year =	 2005
}

@Misc{XII:Oleg,
  author =	 {Oleg Kiselyov},
  title =	 {{Applicative translucent functors in Haskell}},
  year =	 2004,
  note =	 {At \url{http://www.haskell.org/pipermail/haskell/2004-August/014463.html}}
}

@inproceedings{XII:Dreyer2007,
author = {Dreyer, D.  and Harper, R.  and Chakravarty, M. M. T. },
booktitle = {POPL},
title = {Modular Type Classes},
url = {http://www.cse.unsw.edu.au/~chak/papers/mtc-popl.pdf},
year = {2007}
}

[2] 
@misc{XII:Wehr2005,
  title  = "\emph{{ML} Modules and {Haskell} Type Classes: A Constructive Comparison}",
  year   = {2005},
  author = {Stefan Wehr},
  month  = nov,
  note   = {Submitted for publication and available at \url{http://www.stefanwehr.de/diplom}}
}
