
@InProceedings{miquel,
  author = 	 {Alexandre Miquel},
  title = 	 {Affichage générique d'arbres à l'aide de la géométrie hyperbolique},
  booktitle =	 {Onzièmes journées francophones des langages applicatifs (JFLA'00)},
  year =	 2000
}

@Misc{ocaml,
  title =	 {{Le langage Objective Caml}},
  note =	 {\url{http://caml.inria.fr}}
}




@InProceedings{ocamlgraph,
  author = 	 {Sylvain Conchon and Jean-Christophe Filliâtre and Julien Signoles},
  title = 	 {Designing a Generic Graph Library using ML Functors},
  booktitle =	 {Symposium on Trends in Functional Programming (TFP'07)},
  year =	 2007,
  note =	 {\url{http://ocamlgraph.lri.fr}}
}


@Misc{graphviz,
  title =	 {Le monde de \graphviz\ et du format de fichier DOT},
  note =	 {\url{http://www.graphviz.org/}}
}

@Misc{gml,
  title =	 {Format de fichier GML},
  note =	 {\url {http://www.infosun.fim.uni-passau.de/Graphlet/GML/}}
}

@Misc{gtk,
  title =	 {GTK, The Gimp Tool Kit},
  note =	 {\url {http://www.gtk.org/}}
}

@Misc{lablgtk,
  title =	 {La librairie Lablgtk },
  note =	 {\url {http://wwwfun.kurims.kyoto-u.ac.jp/soft/lsl/lablgtk.html}}
}

@Misc{emacs,
  title =	 {La page de GNU Emacs },
  note =	 {\url {http://www.gnu.org/software/emacs/}}
}